
@misc{noauthor_sueldo_nodate,
	title = {Sueldo {Mínimo} en {Chile}},
	url = {https://cymasuite.com/sueldo-minimo-chile},
	abstract = {Conoce el sueldo mínimo en Chile desde 1987 hasta la fecha. Revisa los cambios en el sueldo mínimo mensual y la ley que lo establece.},
	language = {es},
	urldate = {2024-06-21},
	file = {Snapshot:C\:\\Users\\criqu\\Zotero\\storage\\TCAZ5VPF\\sueldo-minimo-chile.html:text/html},
}

@misc{noauthor_observatorio_nodate,
	title = {Observatorio {Social} - {Ministerio} de {Desarrollo} {Social} y {Familia}},
	url = {https://observatorio.ministeriodesarrollosocial.gob.cl/encuesta-casen-2022},
	urldate = {2024-06-21},
	file = {Observatorio Social - Ministerio de Desarrollo Social y Familia:C\:\\Users\\criqu\\Zotero\\storage\\YH8MHP3I\\encuesta-casen-2022.html:text/html},
}
